<record><leader>00000cas a22000007a 4500</leader><controlfield tag="001">11479811</controlfield><controlfield tag="008">841211d18681890wiudn ne      0   a0eng d</controlfield><datafield ind1=" " ind2=" " tag="010"><subfield code="a">sn 84025141 </subfield></datafield><datafield ind1=" " ind2=" " tag="040"><subfield code="a">NPV</subfield><subfield code="b">eng</subfield><subfield code="c">NPV</subfield><subfield code="d">NPU</subfield><subfield code="d">NPX</subfield><subfield code="d">NVF</subfield><subfield code="d">OCLCQ</subfield></datafield><datafield ind1=" " ind2=" " tag="042"><subfield code="a">msc</subfield></datafield><datafield ind1=" " ind2=" " tag="043"><subfield code="a">n-us-wi</subfield></datafield><datafield ind1=" " ind2=" " tag="045"><subfield code="a">w6w9</subfield></datafield><datafield ind1=" " ind2=" " tag="052"><subfield code="a">4123</subfield><subfield code="b">D3</subfield></datafield><datafield ind1="0" ind2="4" tag="245"><subfield code="a">The Madison daily Democrat.</subfield></datafield><datafield ind1="3" ind2="0" tag="246"><subfield code="a">Madison Democrat</subfield></datafield><datafield ind1=" " ind2=" " tag="260"><subfield code="a">Madison, Wis. :</subfield><subfield code="b">A.E. Gordon,</subfield><subfield code="c">1868-1890.</subfield></datafield><datafield ind1=" " ind2=" " tag="300"><subfield code="a">45 v. :</subfield><subfield code="b">ill. ;</subfield><subfield code="c">52 cm.</subfield></datafield><datafield ind1=" " ind2=" " tag="310"><subfield code="a">Daily (except Sunday)</subfield></datafield><datafield ind1="0" ind2=" " tag="362"><subfield code="a">Vol. 1, no. 1 (May 21, 1868)-v. 45, no. 16 (July 19, 1890).</subfield></datafield><datafield ind1=" " ind2=" " tag="500"><subfield code="a">Publisher: J.B. Parkinson &amp; Co., &lt;1871&gt;; The Democrat Co., 1873-&lt;1877&gt;.</subfield></datafield><datafield ind1=" " ind2=" " tag="500"><subfield code="a">"Madison City official paper."</subfield></datafield><datafield ind1=" " ind2=" " tag="530"><subfield code="a">Available on microfilm from The State Historical Society of Wisconsin.</subfield></datafield><datafield ind1=" " ind2=" " tag="580"><subfield code="a">Weekly eds.: Madison Democrat (Madison, Wis. : Weekly), &lt;1872&gt;-1881, and: Madison weekly Democrat (Madison, Wis.), 1881-1890.</subfield></datafield><datafield ind1=" " ind2=" " tag="752"><subfield code="a">United States</subfield><subfield code="b">Wisconsin</subfield><subfield code="c">Dane</subfield><subfield code="d">Madison.</subfield></datafield><datafield ind1="1" ind2=" " tag="775"><subfield code="t">Madison Democrat (Madison, Wis. : Weekly)</subfield><subfield code="w">(DLC)sn 84025102</subfield></datafield><datafield ind1="1" ind2=" " tag="775"><subfield code="t">Madison weekly Democrat (Madison, Wis.)</subfield><subfield code="w">(DLC)sn 87082843</subfield></datafield><datafield ind1="0" ind2="0" tag="785"><subfield code="t">Madison Democrat (Madison, Wis. : Daily)</subfield><subfield code="w">(DLC)sn 84025142</subfield></datafield></record>